@inproceedings{RN157,
   author = {Aggarwal, Charu C},
   title = {Outlier analysis},
   booktitle = {Data mining},
   publisher = {Springer},
   pages = {237-263},
   type = {Conference Proceedings}
}

@book{RN178,
   author = {Aggarwal, Charu C and Reddy, Chandan K},
   title = {Data clustering: algorithms and applications},
   publisher = {CRC press},
   ISBN = {1466558210},
   year = {2013},
   type = {Book}
}

@article{zoubi2018,
   author = {Ala’M, Al-Zoubi and Faris, Hossam and Hassonah, Mohammad A},
   title = {Evolving Support Vector Machines using Whale Optimization Algorithm for spam profiles detection on online social networks in different lingual contexts},
   journal = {Knowledge-Based Systems},
   volume = {153},
   pages = {91-104},
   ISSN = {0950-7051},
   year = {2018},
   type = {Journal Article}
}

@article{RN268,
   author = {Bache, Kevin and Lichman, Moshe},
   title = {UCI machine learning repository},
   year = {2013},
   type = {Journal Article}
}

@article{RN373,
   author = {Behnel, Stefan and Bradshaw, Robert and Citro, Craig and Dalcin, Lisandro and Seljebotn, Dag Sverre and Smith, Kurt},
   title = {Cython: The best of both worlds},
   journal = {Computing in Science & Engineering},
   volume = {13},
   number = {2},
   pages = {31-39},
   ISSN = {1521-9615},
   year = {2011},
   type = {Journal Article}
}

@book{RN377,
   author = {Bishop, Christopher M.},
   title = {Pattern recognition and machine learning},
   publisher = {New York : Springer, [2006] ©2006},
   url = {https://search.library.wisc.edu/catalog/9910032530902121},
   year = {2006},
   type = {Book}
}

@article{RN139,
   author = {BYUN, HYERAN and LEE, SEONG-WHAN},
   title = {A SURVEY ON PATTERN RECOGNITION APPLICATIONS OF SUPPORT VECTOR MACHINES},
   journal = {International Journal of Pattern Recognition and Artificial Intelligence},
   volume = {17},
   number = {03},
   pages = {459-486},
   DOI = {10.1142/s0218001403002460},
   url = {http://www.worldscientific.com/doi/abs/10.1142/S0218001403002460},
   year = {2003},
   type = {Journal Article}
}

@inproceedings{RN181,
   author = {Cai, Deng and He, Xiaofei and Zhou, Kun and Han, Jiawei and Bao, Hujun},
   title = {Locality Sensitive Discriminant Analysis},
   booktitle = {IJCAI},
   volume = {2007},
   pages = {1713-1726},
   type = {Conference Proceedings}
}

@book{RN367,
   author = {Ceder, Vernon L and McDonald, Kenneth and Harms, Daryl D},
   title = {The quick Python book},
   publisher = {Manning},
   ISBN = {193518220X},
   year = {2010},
   type = {Book}
}

@article{RN354,
   author = {Chen, Yong-Sheng and Hung, Yi-Ping and Yen, Ting-Fang and Fuh, Chiou-Shann},
   title = {Fast and versatile algorithm for nearest neighbor search based on a lower bound tree},
   journal = {Pattern Recognition},
   volume = {40},
   number = {2},
   pages = {360-375},
   ISSN = {0031-3203},
   year = {2007},
   type = {Journal Article}
}

@article{vapnik1995,
   author = {Cortes, Corinna and Vapnik, Vladimir},
   title = {Support-vector networks},
   journal = {Machine learning},
   volume = {20},
   number = {3},
   pages = {273-297},
   ISSN = {0885-6125},
   year = {1995},
   type = {Journal Article}
}

@article{RN379,
   author = {Demšar, Janez},
   title = {Statistical comparisons of classifiers over multiple data sets},
   journal = {Journal of Machine learning research},
   volume = {7},
   number = {Jan},
   pages = {1-30},
   year = {2006},
   type = {Journal Article}
}

@article{ding2014,
   author = {Ding, Shifei and Yu, Junzhao and Qi, Bingjuan and Huang, Huajuan},
   title = {An overview on twin support vector machines},
   journal = {Artificial Intelligence Review},
   volume = {42},
   number = {2},
   pages = {245-252},
   ISSN = {0269-2821},
   year = {2014},
   type = {Journal Article}
}

@article{ding2017,
   author = {Ding, Shifei and Zhang, Nan and Zhang, Xiekai and Wu, Fulin},
   title = {Twin support vector machine: theory, algorithm and applications},
   journal = {Neural Computing and Applications},
   volume = {28},
   number = {11},
   pages = {3119-3130},
   ISSN = {0941-0643},
   year = {2017},
   type = {Journal Article}
}

@article{RN356,
   author = {Dudani, Sahibsingh A},
   title = {The distance-weighted k-nearest-neighbor rule},
   journal = {IEEE Transactions on Systems, Man, and Cybernetics},
   number = {4},
   pages = {325-327},
   ISSN = {0018-9472},
   year = {1976},
   type = {Journal Article}
}

@inproceedings{RN129,
   author = {Folleco, Andres and Khoshgoftaar, Taghi M and Van Hulse, Jason and Bullard, Lofton},
   title = {Identifying learners robust to low quality data},
   booktitle = {Information Reuse and Integration, 2008. IRI 2008. IEEE International Conference on},
   publisher = {IEEE},
   pages = {190-195},
   ISBN = {1424426596},
   type = {Conference Proceedings}
}

@article{RN352,
   author = {Friedman, Jerome H and Bentley, Jon Louis and Finkel, Raphael Ari},
   title = {An algorithm for finding best matches in logarithmic expected time},
   journal = {ACM Transactions on Mathematical Software (TOMS)},
   volume = {3},
   number = {3},
   pages = {209-226},
   ISSN = {0098-3500},
   year = {1977},
   type = {Journal Article}
}

@book{RN258,
   author = {Golub, Gene H and Van Loan, Charles F},
   title = {Matrix computations},
   publisher = {JHU Press},
   volume = {3},
   ISBN = {1421408597},
   year = {2012},
   type = {Book}
}

@article{RN358,
   author = {Gou, Jianping and Du, Lan and Zhang, Yuhong and Xiong, Taisong},
   title = {A new distance-weighted k-nearest neighbor classifier},
   journal = {J. Inf. Comput. Sci},
   volume = {9},
   number = {6},
   pages = {1429-1436},
   year = {2012},
   type = {Journal Article}
}

@misc{RN375,
   type = {Generic}
}

@inproceedings{RN254,
   author = {Hsieh, Cho-Jui and Chang, Kai-Wei and Lin, Chih-Jen and Keerthi, S Sathiya and Sundararajan, Sellamanickam},
   title = {A dual coordinate descent method for large-scale linear SVM},
   booktitle = {Proceedings of the 25th international conference on Machine learning},
   publisher = {ACM},
   pages = {408-415},
   ISBN = {1605582050},
   type = {Conference Proceedings}
}

@inproceedings{RN365,
   author = {Hsieh, Cho-Jui and Chang, Kai-Wei and Lin, Chih-Jen and Keerthi, S Sathiya and Sundararajan, Sellamanickam},
   title = {A dual coordinate descent method for large-scale linear SVM},
   booktitle = {Proceedings of the 25th international conference on Machine learning},
   publisher = {ACM},
   pages = {408-415},
   ISBN = {1605582050},
   type = {Conference Proceedings}
}

@article{huang2018,
   author = {Huang, Huajuan and Wei, Xiuxi and Zhou, Yongquan},
   title = {Twin support vector machines: A survey},
   journal = {Neurocomputing},
   volume = {300},
   pages = {34-43},
   ISSN = {0925-2312},
   year = {2018},
   type = {Journal Article}
}

@article{jayadeva2007,
   author = {Jayadeva and Khemchandani, R and Chandra, Suresh},
   title = {Twin support vector machines for pattern classification},
   journal = {IEEE Transactions on pattern analysis and machine intelligence},
   volume = {29},
   number = {5},
   ISSN = {0162-8828},
   year = {2007},
   type = {Journal Article}
}

@article{RN371,
   author = {Jones, Eric and Oliphant, Travis and Peterson, Pearu},
   title = {{SciPy}: open source scientific tools for {Python}},
   year = {2014},
   type = {Journal Article}
}

@inproceedings{RN134,
   author = {Kalaidas, Elias and Avouris, Nikolaos and Craciun, Marian and Neagu, Daniel},
   title = {Machine Learning Algorithms: A study on noise sensitivity},
   booktitle = {Proc. 1st Balcan Conference in Informatics},
   pages = {356-365},
   type = {Conference Proceedings}
}

@article{kumar2009,
   author = {Kumar, M Arun and Gopal, Madan},
   title = {Least squares twin support vector machines for pattern classification},
   journal = {Expert Systems with Applications},
   volume = {36},
   number = {4},
   pages = {7535-7543},
   ISSN = {0957-4174},
   year = {2009},
   type = {Journal Article}
}

@article{lee2012,
   author = {Lee, Lam Hong and Wan, Chin Heng and Rajkumar, Rajprasad and Isa, Dino},
   title = {An enhanced Support Vector Machine classification framework by using Euclidean distance function for text document categorization},
   journal = {Applied Intelligence},
   volume = {37},
   number = {1},
   pages = {80-99},
   ISSN = {0924-669X},
   year = {2012},
   type = {Journal Article}
}

@article{lin2002,
   author = {Lin, Chun-Fu and Wang, Sheng-De},
   title = {Fuzzy support vector machines},
   journal = {IEEE Transactions on neural networks},
   volume = {13},
   number = {2},
   pages = {464-471},
   ISSN = {1045-9227},
   year = {2002},
   type = {Journal Article}
}

@article{RN363,
   author = {Mangasarian, Olvi L and Musicant, David R},
   title = {Successive overrelaxation for support vector machines},
   journal = {IEEE Transactions on Neural Networks},
   volume = {10},
   number = {5},
   pages = {1032-1037},
   ISSN = {1045-9227},
   year = {1999},
   type = {Journal Article}
}

@inproceedings{mang2001,
   author = {Mangasarian, Olvi L and Wild, Edward W},
   title = {Proximal support vector machine classifiers},
   booktitle = {Proceedings KDD-2001: Knowledge Discovery and Data Mining},
   publisher = {Citeseer},
   type = {Conference Proceedings}
}

@article{mang2006,
   author = {Mangasarian, Olvi L and Wild, Edward W},
   title = {Multisurface proximal support vector machine classification via generalized eigenvalues},
   journal = {IEEE transactions on pattern analysis and machine intelligence},
   volume = {28},
   number = {1},
   pages = {69-74},
   ISSN = {0162-8828},
   year = {2006},
   type = {Journal Article}
}

@article{melki2018,
   author = {Melki, Gabriella and Kecman, Vojislav and Ventura, Sebastián and Cano, Alberto},
   title = {OLLAWV: OnLine Learning Algorithm using Worst-Violators},
   journal = {Applied Soft Computing},
   volume = {66},
   pages = {384-393},
   ISSN = {1568-4946},
   year = {2018},
   type = {Journal Article}
}

@article{mir2018,
   author = {Mir, A and Nasiri, Jalal A},
   title = {KNN-based least squares twin support vector machine for pattern classification},
   journal = {Applied Intelligence},
   pages = {1-14},
   ISSN = {0924-669X},
   year = {2018},
   type = {Journal Article}
}

@article{RN381,
   author = {Musicant, DR},
   title = {NDC: normally distributed clustered datasets},
   journal = {Computer Sciences Department, University of Wisconsin, Madison},
   year = {1998},
   type = {Journal Article}
}

@article{RN176,
   author = {Nasiri, Jalal A and Charkari, Nasrollah Moghadam and Mozafari, Kourosh},
   title = {Energy-based model of least squares twin Support Vector Machines for human action recognition},
   journal = {Signal Processing},
   volume = {104},
   pages = {248-257},
   ISSN = {0165-1684},
   year = {2014},
   type = {Journal Article}
}

@inproceedings{nasiri2009,
   author = {Nasiri, Jalal A and Naghibzadeh, Mahmoud and Yazdi, H Sadoghi and Naghibzadeh, Bahram},
   title = {ECG arrhythmia classification with support vector machines and genetic algorithm},
   booktitle = {Computer Modeling and Simulation, 2009. EMS'09. Third UKSim European Symposium on},
   publisher = {IEEE},
   pages = {187-192},
   ISBN = {1424453453},
   type = {Conference Proceedings}
}

@article{nayak2015,
   author = {Nayak, Janmenjoy and Naik, Bighnaraj and Behera, H},
   title = {A comprehensive survey on support vector machine in data mining tasks: applications and challenges},
   journal = {International Journal of Database Theory and Application},
   volume = {8},
   number = {1},
   pages = {169-186},
   ISSN = {2005-4270},
   year = {2015},
   type = {Journal Article}
}

@article{RN125,
   author = {Nettleton, David F and Orriols-Puig, Albert and Fornells, Albert},
   title = {A study of the effect of different types of noise on the precision of supervised learning techniques},
   journal = {Artificial intelligence review},
   volume = {33},
   number = {4},
   pages = {275-306},
   ISSN = {0269-2821},
   year = {2010},
   type = {Journal Article}
}

@inproceedings{RN189,
   author = {Nguyen, Giang Hoang and Phung, Son Lam and Bouzerdoum, Abdesselam},
   title = {Efficient SVM training with reduced weighted samples},
   booktitle = {Neural Networks (IJCNN), The 2010 International Joint Conference on},
   publisher = {IEEE},
   pages = {1-5},
   ISBN = {142446918X},
   type = {Conference Proceedings}
}

@article{RN161,
   author = {Nocedal, Jorge and Wright, Stephen J},
   title = {Numerical Optimization, Second Edition},
   journal = {Numerical optimization},
   pages = {497-528},
   year = {2006},
   type = {Journal Article}
}

@article{pan2015,
   author = {Pan, Xianli and Luo, Yao and Xu, Yitian},
   title = {K-nearest neighbor based structural twin support vector machine},
   journal = {Knowledge-Based Systems},
   volume = {88},
   pages = {34-44},
   ISSN = {0950-7051},
   year = {2015},
   type = {Journal Article}
}

@article{RN346,
   author = {Pang, Xinying and Xu, Chang and Xu, Yitian},
   title = {Scaling KNN multi-class twin support vector machine via safe instance reduction},
   journal = {Knowledge-Based Systems},
   volume = {148},
   pages = {17-30},
   ISSN = {0950-7051},
   year = {2018},
   type = {Journal Article}
}

@article{RN383,
   author = {Pedregosa, Fabian and Varoquaux, Gaël and Gramfort, Alexandre and Michel, Vincent and Thirion, Bertrand and Grisel, Olivier and Blondel, Mathieu and Prettenhofer, Peter and Weiss, Ron and Dubourg, Vincent},
   title = {Scikit-learn: Machine learning in Python},
   journal = {Journal of machine learning research},
   volume = {12},
   number = {Oct},
   pages = {2825-2830},
   year = {2011},
   type = {Journal Article}
}

@article{RN256,
   author = {Peng, Xinjun and Chen, Dongjing and Kong, Lingyan},
   title = {A clipping dual coordinate descent algorithm for solving support vector machines},
   journal = {Knowledge-Based Systems},
   volume = {71},
   pages = {266-278},
   ISSN = {0950-7051},
   year = {2014},
   type = {Journal Article}
}

@article{RN252,
   author = {Platt, John},
   title = {Sequential minimal optimization: A fast algorithm for training support vector machines},
   year = {1998},
   type = {Journal Article}
}

@article{RN159,
   author = {Qi, Zhiquan and Tian, Yingjie and Shi, Yong},
   title = {Robust twin support vector machine for pattern classification},
   journal = {Pattern Recognition},
   volume = {46},
   number = {1},
   pages = {305-316},
   ISSN = {0031-3203},
   year = {2013},
   type = {Journal Article}
}

@article{qi2013,
   author = {Qi, Zhiquan and Tian, Yingjie and Shi, Yong},
   title = {Structural twin support vector machine for classification},
   journal = {Knowledge-Based Systems},
   volume = {43},
   pages = {74-81},
   ISSN = {0950-7051},
   year = {2013},
   type = {Journal Article}
}

@article{raman2017,
   author = {Raman, MR Gauthama and Somu, Nivethitha and Kirthivasan, Kannan and Liscano, Ramiro and Sriram, VS Shankar},
   title = {An efficient intrusion detection system based on hypergraph-Genetic algorithm for parameter optimization and feature selection in support vector machine},
   journal = {Knowledge-Based Systems},
   volume = {134},
   pages = {1-12},
   ISSN = {0950-7051},
   year = {2017},
   type = {Journal Article}
}

@book{RN312,
   author = {Ripley, Brian D},
   title = {Pattern recognition and neural networks},
   publisher = {Cambridge university press},
   address = {Cambridge},
   edition = {1st},
   ISBN = {0521717701},
   year = {2007},
   type = {Book}
}

@article{shao2011,
   author = {Shao, Yuan-Hai and Zhang, Chun-Hua and Wang, Xiao-Bo and Deng, Nai-Yang},
   title = {Improvements on twin support vector machines},
   journal = {IEEE transactions on neural networks},
   volume = {22},
   number = {6},
   pages = {962-968},
   ISSN = {1045-9227},
   year = {2011},
   type = {Journal Article}
}

@book{RN266,
   author = {Smola, Alex J and Schölkopf, Bernhard},
   title = {Learning with kernels},
   publisher = {GMD-Forschungszentrum Informationstechnik},
   ISBN = {3884573497},
   year = {1998},
   type = {Book}
}

@book{RN360,
   author = {Sra, Suvrit and Nowozin, Sebastian and Wright, Stephen J},
   title = {Optimization for machine learning},
   publisher = {Mit Press},
   ISBN = {026201646X},
   year = {2012},
   type = {Book}
}

@book{RN155,
   author = {Statnikov, Alexander and Aliferis, Constantin F and Hardin, Douglas P and Guyon, Isabelle},
   title = {A Gentle Introduction To Support Vector Machines In Biomedicine: Volume 1: Theory and Methods},
   publisher = {World Scientific Publishing Co Inc},
   ISBN = {9813107995},
   year = {2011},
   type = {Book}
}

@article{suykens1999,
   author = {Suykens, Johan AK and Vandewalle, Joos},
   title = {Least squares support vector machine classifiers},
   journal = {Neural processing letters},
   volume = {9},
   number = {3},
   pages = {293-300},
   ISSN = {1370-4621},
   year = {1999},
   type = {Journal Article}
}

@article{RN316,
   author = {Tanveer, Mohammad and Khan, Mohammad Asif and Ho, Shen-Shyang},
   title = {Robust energy-based least squares twin support vector machines},
   journal = {Applied Intelligence},
   volume = {45},
   number = {1},
   pages = {174-186},
   ISSN = {0924-669X},
   year = {2016},
   type = {Journal Article}
}

@article{RN146,
   author = {Tian, Yingjie and Qi, Zhiquan},
   title = {Review on: twin support vector machines},
   journal = {Annals of Data Science},
   volume = {1},
   number = {2},
   pages = {253-277},
   ISSN = {2198-5804},
   year = {2014},
   type = {Journal Article}
}

@book{vapnik1998,
   author = {Vapnik, Vladimir Naumovich and Vapnik, Vlamimir},
   title = {Statistical learning theory},
   publisher = {Wiley New York},
   volume = {1},
   year = {1998},
   type = {Book}
}

@article{RN369,
   author = {Walt, Stéfan van der and Colbert, S Chris and Varoquaux, Gael},
   title = {The NumPy array: a structure for efficient numerical computation},
   journal = {Computing in Science & Engineering},
   volume = {13},
   number = {2},
   pages = {22-30},
   ISSN = {1521-9615},
   year = {2011},
   type = {Journal Article}
}

@article{RN318,
   author = {Wang, Huiru and Zhou, Zhijian and Xu, Yitian},
   title = {An improved ν-twin bounded support vector machine},
   journal = {Applied Intelligence},
   volume = {48},
   number = {4},
   pages = {1041-1053},
   ISSN = {0924-669X},
   year = {2018},
   type = {Journal Article}
}

@article{RN264,
   author = {Wu, Yingquan and Ianakiev, Krassimir and Govindaraju, Venu},
   title = {Improved k-nearest neighbor classification},
   journal = {Pattern recognition},
   volume = {35},
   number = {10},
   pages = {2311-2318},
   ISSN = {0031-3203},
   year = {2002},
   type = {Journal Article}
}

@article{xia2015,
   author = {Xia, Shuyin and Xiong, Zhongyang and Luo, Yueguo and Dong, Limei and Zhang, Guanghua},
   title = {Location difference of multiple distances based k-nearest neighbors algorithm},
   journal = {Knowledge-Based Systems},
   volume = {90},
   pages = {99-110},
   ISSN = {0950-7051},
   year = {2015},
   type = {Journal Article}
}

@article{RN344,
   author = {Xu, Yitian},
   title = {K-nearest neighbor-based weighted multi-class twin support vector machine},
   journal = {Neurocomputing},
   volume = {205},
   pages = {430-438},
   ISSN = {0925-2312},
   year = {2016},
   type = {Journal Article}
}

@article{RN183,
   author = {Yang, Xubing and Chen, Songcan and Chen, Bin and Pan, Zhisong},
   title = {Proximal support vector machine using local information},
   journal = {Neurocomputing},
   volume = {73},
   number = {1},
   pages = {357-365},
   ISSN = {0925-2312},
   year = {2009},
   type = {Journal Article}
}

@article{ye2012,
   author = {Ye, Qiaolin and Zhao, Chunxia and Gao, Shangbing and Zheng, Hao},
   title = {Weighted twin support vector machines with local information and its application},
   journal = {Neural Networks},
   volume = {35},
   pages = {31-39},
   ISSN = {0893-6080},
   year = {2012},
   type = {Journal Article}
}

@article{RN185,
   author = {Ye, Qiaolin and Zhao, Chunxia and Ye, Ning and Chen, Yannan},
   title = {Multi-weight vector projection support vector machines},
   journal = {Pattern Recognition Letters},
   volume = {31},
   number = {13},
   pages = {2006-2011},
   ISSN = {0167-8655},
   year = {2010},
   type = {Journal Article}
}

@inproceedings{RN131,
   author = {Yin, Hua and Dong, Hongbin and Li, Yuxuan},
   title = {A cluster-based noise detection algorithm},
   booktitle = {Database Technology and Applications, 2009 First International Workshop on},
   publisher = {IEEE},
   pages = {386-389},
   ISBN = {0769536042},
   type = {Conference Proceedings}
}

@article{RN127,
   author = {Zhu, Xingquan and Wu, Xindong},
   title = {Class noise vs. attribute noise: A quantitative study},
   journal = {Artificial Intelligence Review},
   volume = {22},
   number = {3},
   pages = {177-210},
   ISSN = {0269-2821},
   year = {2004},
   type = {Journal Article}
}

